@misc{jetbrains:online,
	Author = {JetBrains},
	Title = {Java 2019 - The state of Developer Ecosystem in 2019 Infographic},
	Howpublished = {\url{https://www.jetbrains.com/lp/devecosystem-2019/java/}}
}

@misc{github:online,
	Author = {GitHub},
	Title = {spring-projects/spring-boot: Spring Boot},
	Howpublished = {\url{https://github.com/spring-projects/spring-boot}}
}

@misc{springframework:online,
	Author = {Spring},
	Title = {Spring Framework},
	Howpublished = {\url{https://spring.io/projects/spring-framework}}
}

@misc{servlet:online,
	Author = {Oracle},
	Title = {Interface Servlet},
	Howpublished = {\url{https://docs.oracle.com/javaee/1.4/api/javax/servlet/Servlet.html}}
}

@misc{springdefinitions:online,
	Author = {Spring},
	Title = {Chapter 3. Beans, BeanFactory and the ApplicationContext},
	Howpublished = {\url{https://docs.spring.io/spring/docs/1.2.x/reference/beans.html}}
}

@misc{springjavadoc:online,
	Author = {Pivotal Software},
	Title = {ApplicationContext (Spring Framework 5.2.1.RELEASE API)},
	Howpublished = {\url{https://docs.spring.io/spring-framework/docs/current/javadoc-api/org/springframework/context/ApplicationContext.html}}
}

@misc{springjavadoc:onlineWebApplicationType,
	Author = {Pivotal Software},
	Title = {Uses of Class
org.springframework.boot.WebApplicationType},
	Howpublished = {\url{https://docs.spring.io/spring-boot/docs/current/api/org/springframework/boot/class-use/WebApplicationType.html}}
}

@misc{springjavadoc:onlineAnnotationConfigReactiveWebServerApplicationContext,
	Author = {Pivotal Software},
	Title = {Class AnnotationConfigReactiveWebServerApplicationContext},
	Howpublished = {\url{https://docs.spring.io/spring-boot/docs/current/api/org/springframework/boot/web/reactive/context/AnnotationConfigReactiveWebServerApplicationContext.html}}
}

@misc{springjavadoc:onlineAnnotationConfigApplicationContext,
	Author = {Pivotal Software},
	Title = {Class AnnotationConfigApplicationContext},
	Howpublished = {\url{https://docs.spring.io/spring-framework/docs/current/javadoc-api/org/springframework/context/annotation/AnnotationConfigApplicationContext.html}}
}

@misc{springbootstarters:online,
	Author = {JavaTpoint},
	Title = {Spring Boot Starters - javatpoint},
	Howpublished = {\url{https://www.javatpoint.com/spring-boot-starters}}
}

@misc{learnspringboot:online,
	Author = {Learn Spring Boot},
	Title = {What happens when we call SpringApplication.run() method},
	Howpublished = {\url{http://learnspringboot.in/what-happens-when-we-call-springapplication-run-method/}}
}

@misc{springbootconcourse:online,
	Author = {Spring Boot},
	Title = {Concourse Pipeline},
	Howpublished = {\url{https://github.com/spring-projects/spring-boot/tree/master/ci}}
}

@misc{springautoconfiguration:online,
	Author = {Flavio Antelo},
	Title = {How Spring Boot Autoconfiguration works?},
	Howpublished = {\url{https://medium.com/empathyco/how-spring-boot-autoconfiguration-works-6e09f911c5ce}}
}

@misc{springboottasks:online,
	Author = {Spring Boot},
	Title = {spring-boot/ci/tasks at master},
	Howpublished = {\url{https://github.com/spring-projects/spring-boot/tree/master/ci/tasks}}
}

@misc{createapplicationcontext:online,
	Author = {Spring Boot},
	Title = {spring-boot/SpringApplication.java},
	Howpublished = {\url{https://github.com/spring-projects/spring-boot/blob/master/spring-boot-project/spring-boot/src/main/java/org/springframework/boot/SpringApplication.java}}
}

@misc{wikiclasspath:online,
	Author = {Wikipedia},
	Title = {Classpath (Java)},
	Howpublished = {\url{https://en.wikipedia.org/wiki/Classpath_(Java)}}
}

@misc{wikiopenjdk:online,
	Author = {Wikipedia},
	Title = {OpenJDK},
	Howpublished = {\url{https://en.wikipedia.org/wiki/OpenJDK}}
}

@webpage{github-accessibility,
	Author = {GitHub},
	Date-Added = {2019-10-09 21:49:44 -0500},
	Date-Modified = {2019-10-09 21:51:07 -0500},
	Title = {Accessibility},
	Url = {https://government.github.com/accessibility/}}

@webpage{springbeans:online,
	Author = {Pivotal},
	Title = {Spring: Beans, BeanFactory and the ApplicationContext},
	Url = {https://docs.spring.io/spring/docs/1.2.x/reference/beans.html}}

@webpage{hackerrank2019:online,
	Author = {HackerRank},
	Title = {2019 Developer Skills Report},
	Url = {https://research.hackerrank.com/developer-skills/2019#intro}}

@webpage{kotlinwiki:online,
	Author = {Wikipedia},
	Title = {Kotlin (programming language)},
	Url = {https://en.wikipedia.org/wiki/Kotlin_(programming_language)}}

@webpage{kotlinjetbrains:online,
	Author = {JetBrains},
	Title = {FAQ - Kotlin Programming Language},
	Url = {https://kotlinlang.org/docs/reference/faq.html}}

@article{oraclejava:online,
	Author = {Donald Smith},
	Journal = {Oracle},
	Month = {May},
	Title = {Update and FAQ on the Java SE Release Cadence},
	Url = {https://blogs.oracle.com/java-platform-group/update-and-faq-on-the-java-se-release-cadence},
	Year = {2018}}

@webpage{snyk:online,
	Author = {Simon Maple and Andrew Binstock},
	Institution = {Snyk},
	Title = {JVM Ecosystem Report 2018},
	Url = {hhttps://snyk.io/blog/jvm-ecosystem-report-2018/},
	Year = {2018}}

@webpage{graphql:online,
	Author = {GraphQL Foundation},
	Title = {An open and neutral home for the GraphQL community},
	Url = {https://foundation.graphql.org/}}

@book{rw2012,
	Author = {Nick Rozanski and Eoin Woods},
	Edition = {Second},
	Publisher = {Addison-Wesley},
	Title = {Software Systems Architecture},
	Year = {2012}}

@webpage{spring-boot-reference-guide,
	Author = {Phillip Webb and Dave Syer and Josh Long and Stephane Nicoll,and Rob Winch and Andy Wilkinson and Marcel Overdijk and Christian Dupuis and Sebastien Deleuze and Michael Simons and Vedran Pavic and Jay Bryant and Madhura Bhave},
	Title = {Spring Boot Reference Guide 2.1.8},
	Url = {https://docs.spring.io/spring-boot/docs/2.1.8.RELEASE/reference/html/index.html}}

@webpage{springCloud,
	Author = {Pivotal},
	Title = {Spring Cloud},
	Url = {https://spring.io/projects/spring-cloud}}

@article{Internationalization,
	Author = {Ikhiloya Imokhai},
	Journal = {Medium},
	Month = {November},
	Title = {Internationalization in Spring Boot},
	Url = {https://medium.com/skillhive/internalization-in-spring-boot-22f4fa82f132},
	Year = {2018}}

@webpage{springBoot,
	Author = {Pivotal},
	Title = {Spring Boot},
	Url = {https://spring.io/projects/spring-boot}}

@webpage{contributingDoc,
	Author = {Pivotal},
	Title = {Contributing to Spring Boot},
	Url = {https://github.com/spring-projects/spring-boot/blob/master/CONTRIBUTING.adoc}}

@webpage{springSecurity,
	Author = {Pivotal},
	Title = {Spring Security},
	Url = {https://spring.io/projects/spring-security}}

@webpage{gettingStarted,
	Author = {Pivotal},
	Title = {Building an Application with Spring Boot},
	Url = {https://spring.io/guides/gs/spring-boot/}}

@webpage{springBootIntroduction,
	Author = {TutorialsPoint},
	Title = {Spring Boot Introduction},
	Url = {https://www.tutorialspoint.com/spring_boot/spring_boot_introduction.htm}}

@webpage{springBootStarters,
	Author = {Pivotal},
	Title = {Starters},
	Url = {https://github.com/spring-projects/spring-boot/tree/master/spring-boot-project/spring-boot-starters}}

@webpage{springBootAutoConfiguration,
	Author = {Pivotal},
	Title = {Auto-Configuration},
	Url = {https://docs.spring.io/spring-boot/docs/current/reference/html/using-spring-boot.html#using-boot-auto-configuration}}

@article{springBootExample,
	Author = {Lokesh Gupta},
	Journal = {HowToDoInJava},
	Title = {Spring boot hello world example -- Spring boot REST example},
	Url = {https://howtodoinjava.com/spring-boot/spring-boot-tutorial-with-hello-world-example}}

@webpage{springBootLogging,
	Author = {Pivotal},
	Title = {Logging},
	Url = {https://docs.spring.io/spring-boot/docs/current/reference/html/howto.html#howto-logging}}

@article{springBootLoggingConfig,
	Author = {Lokesh Gupta},
	Journal = {HowToDoInJava},
	Title = {A Guide to Logging in Spring Boot},
	Url = {https://howtodoinjava.com/spring-boot2/logging/spring-boot-logging-configurations}}

@webpage{springBootDiscovery,
	Author = {Pivotal},
	Title = {Service Registration and Discovery},
	Url = {https://spring.io/guides/gs/service-registration-and-discovery/}}

@webpage{springBootStarter,
	Author = {Phillip Webb and Dave Syer and Josh Long and Stéphane Nicoll and Rob Winch and Andy Wilkinson and Marcel Overdijk and Christian Dupuis and Sébastien Deleuze and Michael Simons and Vedran Pavić and Jay Bryant and Madhura Bhave},
	Title = {Spring Boot Reference Guide},
	Url = {https://docs.spring.io/spring-boot/docs/current/reference/htmlsingle/#using-boot-starter}}

@article{springBootCache,
	Author = {Sajal Chakraborty},
	Journal = {HowToDoInJava},
	Title = {Spring boot caching tutorial with example},
	Url = {https://howtodoinjava.com/spring-boot2/spring-boot-cache-example/}}

@webpage{springBootDeployment,
	Author = {Pivotal},
	Title = {Deploying Spring Boot Applications},
	Url = {https://spring.io/blog/2014/03/07/deploying-spring-boot-applications}}

@article{springBootDataBaseConcurrency,
	Author = {Christian Schworer},
	Journal = {Novatec},
	Month = {March},
	Title = {Managing concurrency in a distributed RESTful environment with Spring Boot and Angular 2},
	Url = {https://www.novatec-gmbh.de/en/blog/managing-concurrency-in-a-distributed-restful-environment-with-spring-boot-and-angular2},
	Year = {2018}}

@article{springBootConcurrency,
	Author = {Bartosz Jedrzejewski},
	Journal = {E4developer},
	Title = {Introduction to Concurrency in Spring Boot},
	Url = {https://www.e4developer.com/2018/03/30/introduction-to-concurrency-in-spring-boot},
	Year = {2018}}

@webpage{springBootDI,
	Author = {Pivotal},
	Title = {Spring Beans and Dependency Injection},
	Url = {https://docs.spring.io/spring-boot/docs/current/reference/html/using-spring-boot.html#using-boot-spring-beans-and-dependency-injection}}

@webpage{springBootTest,
	Author = {Tom Hombergs},
	Title = {Integration Tests with @SpringBootTest},
	Url = {https://reflectoring.io/spring-boot-test/}}
	
@webpage{springBootCLI,
	Author = {Pivotal},
	Title = {Spring Boot CLI},
	Url = {https://docs.spring.io/spring-boot/docs/2.2.0.BUILD-SNAPSHOT/reference/html/spring-boot-cli.html#cli-using-the-cli}}

@webpage{springBootCLITutorial,
	Author = {TutorialsPoint},
	Title = {Spring Boot CLI Tutorial},
	Url = {https://www.tutorialspoint.com/springbootcli/springbootcli_environment.htm}}

@webpage{springBootSecurity,
	Author = {Pivotal},
	Title = {Security},
	Url = {https://docs.spring.io/spring-boot/docs/current/reference/html/spring-boot-features.html#boot-features-security}}	

@webpage{springBootTesting,
	Author = {Tom Hombergs},
	Title = {Testing Spring MVC Web Controllers with @WebMvcTest},
	Url = {https://reflectoring.io/spring-boot-web-controller-test/}}

@webpage{springBootContribution,
	Author = {Pivotal},
	Title = {Contributing to Spring Boot},
	Url = {https://github.com/spring-projects/spring-boot/blob/master/CONTRIBUTING.adoc}}	
	
@webpage{springBootReleaseNote,
	Author = {Pivotal},
	Title = {Spring Boot 2.2 Release Notes},
	Url = {https://github.com/spring-projects/spring-boot/wiki/Spring-Boot-2.2-Release-Notes}}	
	
@webpage{springBootLazyInitialization,
	Author = {Baeldung},
	Title = {Lazy Initialization in Spring Boot 2},
	Url = {https://www.baeldung.com/spring-boot-lazy-initialization}}	